<record><leader>00000cas a2200000 a 4500</leader><controlfield tag="001">29605468</controlfield><controlfield tag="008">940110d19912006njuwn ne      0   a0eng c</controlfield><datafield ind1=" " ind2=" " tag="010"><subfield code="a">sn 94004677 </subfield></datafield><datafield ind1=" " ind2=" " tag="040"><subfield code="a">NSD</subfield><subfield code="b">eng</subfield><subfield code="c">NSD</subfield><subfield code="d">CNK</subfield><subfield code="d">HLS</subfield><subfield code="d">CUS</subfield><subfield code="d">DLC</subfield><subfield code="d">SYS</subfield><subfield code="d">NYS</subfield><subfield code="d">DLC</subfield><subfield code="d">CLU</subfield><subfield code="d">CUI</subfield><subfield code="d">OCLCQ</subfield><subfield code="d">OCLCO</subfield><subfield code="d">OCLCQ</subfield><subfield code="d">OCLCF</subfield><subfield code="d">OCLCO</subfield></datafield><datafield ind1=" " ind2=" " tag="012"><subfield code="l">1</subfield></datafield><datafield ind1="0" ind2=" " tag="022"><subfield code="a">1074-1453</subfield><subfield code="l">1074-1453</subfield><subfield code="2">1</subfield></datafield><datafield ind1="1" ind2=" " tag="029"><subfield code="a">AU@</subfield><subfield code="b">000010738525</subfield></datafield><datafield ind1=" " ind2=" " tag="032"><subfield code="a">546160</subfield><subfield code="b">USPS</subfield></datafield><datafield ind1=" " ind2=" " tag="037"><subfield code="b">Armenian Reporter International, Inc., 67-07 Upotia Pkwy., Fresh Meadows, NY 11365</subfield></datafield><datafield ind1=" " ind2=" " tag="042"><subfield code="a">nsdp</subfield><subfield code="a">pcc</subfield></datafield><datafield ind1=" " ind2=" " tag="043"><subfield code="a">n-us-ny</subfield></datafield><datafield ind1="1" ind2="4" tag="050"><subfield code="a">AN</subfield></datafield><datafield ind1="1" ind2="0" tag="082"><subfield code="a">051</subfield><subfield code="2">12</subfield></datafield><datafield ind1="0" ind2=" " tag="210"><subfield code="a">Armen. rep. int.</subfield></datafield><datafield ind1=" " ind2="4" tag="222"><subfield code="a">The Armenian reporter international</subfield></datafield><datafield ind1="0" ind2="4" tag="245"><subfield code="a">The Armenian reporter international.</subfield></datafield><datafield ind1="3" ind2="0" tag="246"><subfield code="a">Armenian reporter</subfield></datafield><datafield ind1="1" ind2="7" tag="246"><subfield code="a">Armenian reporter int'l</subfield></datafield><datafield ind1=" " ind2=" " tag="260"><subfield code="a">Fresh Meadows, N.Y. :</subfield><subfield code="b">Armenian Reporter International, Inc.,</subfield><subfield code="c">1991-</subfield></datafield><datafield ind1=" " ind2=" " tag="300"><subfield code="a">v. :</subfield><subfield code="b">ill. ;</subfield><subfield code="c">43 cm.</subfield></datafield><datafield ind1=" " ind2=" " tag="310"><subfield code="a">Weekly (except two weeks in summer),</subfield><subfield code="b">&lt;Nov. 4, 2000-&gt;</subfield></datafield><datafield ind1=" " ind2=" " tag="321"><subfield code="a">Weekly (except two weeks in July)</subfield></datafield><datafield ind1="0" ind2=" " tag="362"><subfield code="a">Vol. 25, no. 1 (Oct. 10, 1991)-v. 38, no. 34 (May 20, 2006).</subfield></datafield><datafield ind1=" " ind2=" " tag="500"><subfield code="a">Published: Paramus, N.J. ; &lt;Dec. 28, 2002-&gt;</subfield></datafield><datafield ind1=" " ind2=" " tag="530"><subfield code="a">Also issued on microfilm from the Library of Congress, Photoduplication Service.</subfield></datafield><datafield ind1=" " ind2=" " tag="530"><subfield code="a">Also issued online.</subfield></datafield><datafield ind1=" " ind2=" " tag="588"><subfield code="a">Latest issue consulted: Vol. 36, no. 5 (Nov. 4, 2000).</subfield></datafield><datafield ind1=" " ind2="0" tag="650"><subfield code="a">Armenians</subfield><subfield code="z">New York (State)</subfield><subfield code="v">Newspapers.</subfield></datafield><datafield ind1=" " ind2="0" tag="650"><subfield code="a">Armenian Americans</subfield><subfield code="z">New York (State)</subfield><subfield code="v">Newspapers.</subfield></datafield><datafield ind1=" " ind2="0" tag="651"><subfield code="a">New York (N.Y.)</subfield><subfield code="v">Newspapers.</subfield></datafield><datafield ind1=" " ind2="0" tag="651"><subfield code="a">Paramus (N.J.)</subfield><subfield code="v">Newspapers.</subfield></datafield><datafield ind1=" " ind2="7" tag="655"><subfield code="a">Newspapers.</subfield><subfield code="2">fast</subfield><subfield code="0">(OCoLC)fst01423814</subfield></datafield><datafield ind1=" " ind2="7" tag="650"><subfield code="a">Armenian Americans.</subfield><subfield code="2">fast</subfield><subfield code="0">(OCoLC)fst00814656</subfield></datafield><datafield ind1=" " ind2="7" tag="650"><subfield code="a">Armenians.</subfield><subfield code="2">fast</subfield><subfield code="0">(OCoLC)fst00814767</subfield></datafield><datafield ind1=" " ind2="7" tag="651"><subfield code="a">New Jersey</subfield><subfield code="z">Paramus.</subfield><subfield code="2">fast</subfield><subfield code="0">(OCoLC)fst01220991</subfield></datafield><datafield ind1=" " ind2="7" tag="651"><subfield code="a">New York (State)</subfield><subfield code="2">fast</subfield><subfield code="0">(OCoLC)fst01210280</subfield></datafield><datafield ind1=" " ind2="7" tag="651"><subfield code="a">New York (State)</subfield><subfield code="z">New York.</subfield><subfield code="2">fast</subfield><subfield code="0">(OCoLC)fst01204333</subfield></datafield><datafield ind1=" " ind2=" " tag="752"><subfield code="a">United States</subfield><subfield code="b">New York</subfield><subfield code="c">Queens</subfield><subfield code="d">Fresh Meadows.</subfield></datafield><datafield ind1=" " ind2=" " tag="752"><subfield code="a">United States</subfield><subfield code="b">New York</subfield><subfield code="d">New York.</subfield></datafield><datafield ind1=" " ind2=" " tag="752"><subfield code="a">United States</subfield><subfield code="b">New Jersey</subfield><subfield code="c">Bergen</subfield><subfield code="d">Paramus.</subfield></datafield><datafield ind1="1" ind2=" " tag="776"><subfield code="t">Armenian reporter international (Online)</subfield><subfield code="x">1074-1453</subfield><subfield code="w">(OCoLC)42034533</subfield></datafield><datafield ind1="0" ind2="0" tag="780"><subfield code="t">Armenian reporter</subfield><subfield code="x">0004-2358</subfield><subfield code="w">(DLC)sn 78001532</subfield><subfield code="w">(OCoLC)3972424</subfield></datafield><datafield ind1="0" ind2="0" tag="785"><subfield code="t">Armenian reporter (2006)</subfield><subfield code="w">(DLC)  2007222533</subfield><subfield code="w">(OCoLC)137284990</subfield></datafield><datafield ind1="0" ind2="0" tag="891"><subfield code="9">853</subfield><subfield code="8">1</subfield><subfield code="a">v.</subfield><subfield code="b">no.</subfield><subfield code="i">(year)</subfield><subfield code="j">(date)</subfield></datafield><datafield ind1="4" ind2="0" tag="891"><subfield code="9">863</subfield><subfield code="8">1</subfield><subfield code="a">&lt;25&gt;-</subfield><subfield code="i">&lt;1991/1992&gt;-</subfield><subfield code="x">provisional</subfield></datafield></record>